<record><leader>00000cas a22000007a 4500</leader><controlfield tag="001">23116463</controlfield><controlfield tag="008">910219d18871894nyuwr ne      0    0eng d</controlfield><datafield ind1=" " ind2=" " tag="010"><subfield code="a">sn 91066165 </subfield></datafield><datafield ind1=" " ind2=" " tag="040"><subfield code="a">NYS</subfield><subfield code="b">eng</subfield><subfield code="c">NYS</subfield><subfield code="d">OCLCQ</subfield></datafield><datafield ind1=" " ind2=" " tag="042"><subfield code="a">msc</subfield></datafield><datafield ind1="0" ind2="0" tag="245"><subfield code="a">Syracuse weekly express.</subfield></datafield><datafield ind1=" " ind2=" " tag="260"><subfield code="a">Syracuse, N.Y. :</subfield><subfield code="b">[Richard Guilds],</subfield><subfield code="c">1887-</subfield></datafield><datafield ind1=" " ind2=" " tag="300"><subfield code="a">v. :</subfield><subfield code="b">ill. ;</subfield><subfield code="c">59-60 cm.</subfield></datafield><datafield ind1=" " ind2=" " tag="310"><subfield code="a">Weekly</subfield></datafield><datafield ind1="0" ind2=" " tag="362"><subfield code="a">Vol. 1, no. 1 (Mar. 9, 1887)-</subfield></datafield><datafield ind1="1" ind2=" " tag="362"><subfield code="a">Ceased in 1894?</subfield></datafield><datafield ind1=" " ind2=" " tag="500"><subfield code="a">Published by: Stephen Stedman, &lt;1890&gt;.</subfield></datafield><datafield ind1=" " ind2=" " tag="588"><subfield code="a">Latest issue consulted: Vol. 6, no. 300 (Dec. 29, 1892).</subfield></datafield><datafield ind1=" " ind2="4" tag="651"><subfield code="a">Syracuse (N.Y.)</subfield><subfield code="v">Newspapers.</subfield></datafield><datafield ind1=" " ind2=" " tag="752"><subfield code="a">United States</subfield><subfield code="b">New York</subfield><subfield code="c">Onondaga</subfield><subfield code="d">Syracuse.</subfield></datafield><datafield ind1="0" ind2="0" tag="785"><subfield code="t">Post-express (Syracuse, N.Y.)</subfield><subfield code="w">(DLC)sn 91066094</subfield><subfield code="w">(OCoLC)23660781</subfield></datafield><datafield ind1="1" ind2=" " tag="029"><subfield code="a">AU@</subfield><subfield code="b">000025904436</subfield></datafield></record>